<?xml version="1.0" encoding="UTF-8"?><record xmlns="http://www.loc.gov/MARC21/slim" xmlns:cinclude="http://apache.org/cocoon/include/1.0" xmlns:zs="http://www.loc.gov/zing/srw/">
  <leader>00395nz  a2200133n  4500</leader>
  <controlfield tag="001">nr 99019209 </controlfield>
  <controlfield tag="003">DLC</controlfield>
  <controlfield tag="005">19990619051759.8</controlfield>
  <controlfield tag="008">990616n| acannaab|          |n aaa     c</controlfield>
  <datafield tag="010" ind1=" " ind2=" ">
    <subfield code="a">nr 99019209 </subfield>
  </datafield>
  <datafield tag="040" ind1=" " ind2=" ">
    <subfield code="a">UPB</subfield>
    <subfield code="b">eng</subfield>
    <subfield code="c">UPB</subfield>
  </datafield>
  <datafield tag="100" ind1="1" ind2=" ">
    <subfield code="a">Cacik, Renata,</subfield>
    <subfield code="d">1971-</subfield>
  </datafield>
  <datafield tag="670" ind1=" " ind2=" ">
    <subfield code="a">City of surprises, 1997:</subfield>
    <subfield code="b">t.p. (Renata Cacik)</subfield>
  </datafield>
  <datafield tag="670" ind1=" " ind2=" ">
    <subfield code="a">RLIN, June 16, 1999</subfield>
    <subfield code="b">(hdg.: Cacik, Renata, 1971-; usage: Renata Cacik)</subfield>
  </datafield>
</record>